<record><leader>00000cas a22000007a 4500</leader><controlfield tag="001">15003559</controlfield><controlfield tag="008">861223d188u1900pauwr ne      0    0eng d</controlfield><datafield ind1=" " ind2=" " tag="010"><subfield code="a">sn 89077057 </subfield></datafield><datafield ind1=" " ind2=" " tag="040"><subfield code="a">NPH</subfield><subfield code="b">eng</subfield><subfield code="c">NPH</subfield><subfield code="d">OCLCQ</subfield></datafield><datafield ind1=" " ind2=" " tag="042"><subfield code="a">msc</subfield></datafield><datafield ind1="0" ind2=" " tag="130"><subfield code="a">DuBois weekly courier (DuBois, Pa. : 1892)</subfield></datafield><datafield ind1="1" ind2="0" tag="245"><subfield code="a">DuBois weekly courier.</subfield></datafield><datafield ind1=" " ind2=" " tag="260"><subfield code="a">DuBois, Pa. :</subfield><subfield code="b">E.W. Gray &amp; Co.,</subfield><subfield code="c">-1900.</subfield></datafield><datafield ind1=" " ind2=" " tag="300"><subfield code="a">v.</subfield></datafield><datafield ind1=" " ind2=" " tag="310"><subfield code="a">Weekly</subfield></datafield><datafield ind1="0" ind2=" " tag="362"><subfield code="a">-v. 22, no. 27 (Oct. 4, 1900).</subfield></datafield><datafield ind1=" " ind2=" " tag="580"><subfield code="a">Daily ed.: DuBois courier (DuBois, Pa. : 1889).</subfield></datafield><datafield ind1=" " ind2=" " tag="588"><subfield code="a">Description based on: Vol. 14, no. 29 (Nov. 10, 1892).</subfield></datafield><datafield ind1=" " ind2=" " tag="752"><subfield code="a">United States</subfield><subfield code="b">Pennsylvania</subfield><subfield code="c">Clearfield</subfield><subfield code="d">DuBois.</subfield></datafield><datafield ind1="1" ind2=" " tag="775"><subfield code="t">DuBois courier (DuBois, Pa. : 1889)</subfield><subfield code="w">(DLC)sn 86083458</subfield></datafield><datafield ind1="0" ind2="0" tag="780"><subfield code="t">DuBois courier (DuBois, Pa. : 1884)</subfield><subfield code="w">(DLC)sn 85054626</subfield></datafield><datafield ind1="0" ind2="0" tag="785"><subfield code="t">DuBois courier (DuBois, Pa. : 1900)</subfield><subfield code="w">(DLC)sn 89077060</subfield></datafield></record>